@article{Bando1995,
author = {M. Bando and K. Hasebe and K. Nakanishi and A. Nakayama and A. Shibata and Y. Sugiyama},
title = {{Phenomenological Study of Dynamic Model of Traffic Flow}},
journal = {Journal de Physique I France},
volume = {5},
number = {11},
pages = {1389--1399},
year = {1995}
}

@inproceedings{Che2010,
author = {S. Che and  J. W. Sheaffer and  M. Boyer and  L. G. Szafaryn and L. Wang and K. Skadron },
title = {A characterization of the Rodinia benchmark suite with comparison to contemporary CMP workloads},
booktitle = {Proc. of the IEEE international symposium on Workload characterization},
year = {2010},
pages = {1--11},
}

@inproceedings{Hsu2001,
author = { C-H. Hsu and U. Kremer and M. Hsiao,},
title = {Compiler-directed dynamic voltage/frequency scheduling for energy reduction in microprocessors},
booktitle = {Proc. of the international symposium on Low power electronics and design},
year = {2001},
pages = {275--278},
}


@inproceedings{Hsu2003,
author = { C-H. Hsu and U. Kremer },
title = {The design, implementation, and evaluation of a compiler algorithm for CPU energy reduction},
booktitle = {Proc. of the ACM SIGPLAN conference on Programming language design and implementation},
year = {2003},
pages = {38--48},
} 

@inproceedings{Magklis2003,
author = {G. Magklis and  M. L. Scott and G. Semeraro and D. H. Albonesi and S. Dropsho },
title = {Profile-based dynamic voltage and frequency scaling for a multiple clock domain microprocessor},
booktitle = {Proc. of the annual international symposium on Computer architecture},
pages = {14--27},
year = {2003},
}

@inproceedings{Lee2011,
author = {J. Lee and V. Sathisha and  M. Schulte and K. Compton and N. S. Kim},
title = {Improving Throughput of Power-Constrained GPUs Using Dynamic Voltage/Frequency and Core Scaling},
booktitle = {Proc. of the international conference on Parallel architectures and compilation techniques},
year = {2011},
pages = {111--120},
} 

@inproceedings{Kato2012,
author = {S. Kato and M. McThrow and C. Maltzahn and S. Brandt},
title = {{Gdev: First-Class GPU Resource Management in the Operating System}},
booktitle = {Proc. of the USENIX Annual Technical Conference},
year = {2012},
}

@article{Kerner1993,
author = {B.S. Kelner and P. Konhauser},
title = {{Cluster Effect in Initally Homogeneous Traffic Flow}},
journal = {Physical Review E},
volume = {48},
pages = {2335--2338},
year = {1993}
}

@article{Nagel1992,
author = {K. Nagel and M. Schrekenberg},
title = {{A Cellular Automaton Model for Freeway Traffic}},
journal = {Journal de Physique I France},
volume = {2},
number = {12},
pages = {2221--2229},
year = {1992}
}

@misc{NVIDIA_Fermi,
author = {NVIDIA},
title = {{NVIDIA's next generation CUDA computer architecture: Fermi}},
howpublished = {\url{http://www.nvidia.com/content/PDF/fermi_white_papers/NVIDIA_Fermi_Compute_Architechure_Whitepaper.pdf}},
year = {2009}
}

@misc{NVIDIA_Kepler,
author = {NVIDIA},
title = {{NVIDIA GeForce GTX 680: The fastest, most efficient GPU ever built}},
howpublished = {\url{http://www.geforce.com/Active/en_US/en_US/pdf/GeForce-GTX-680-Whitepaper-FINAL.pdf}},
year = {2012}
}


@inproceedings{Hong2009,
author = {S. Hong and H. Kim},
title = {An analytical model for a GPU architecture with memory-level and thread-level parallelism awareness},
booktitle = {Proc. of the annual international symposium on Computer architecture},
year = {2009},
pages = {152--163},
} 


@inproceedings{Hong2010,
author = {S. Hong and H. Kim },
title = {An integrated GPU power and performance model},
booktitle = {Proc. of the annual international symposium on Computer architecture},
year = {2010},
pages = {280--289},
} 

@inproceedings{Jiao2010, 
author={Y. Jiao and H. Lin and P. Balaji and W. Feng}, 
title={Power and Performance Characterization of Computational Kernels on the GPU}, 
booktitle={Proc. of the IEEE/ACM international conference on Green computing and communications \& international conference on Cyber, physical and social computing}, 
year={2010}, 
pages={221 -228}, 
}

@inproceedings{Nagasaka2010,
author = {H. Nagasaka and N. Maruyama and A. Nukada and T. Endo and S. Matsuoka},
title = {Statistical power modeling of GPU kernels using performance counters},
booktitle = {Proc. of the international conference on Green computing},
year = {2010},
pages = {115--122},
} 

@inproceedings{Ying2011, 
author={Y. Zhang and Y. Hu and B. Li and L. Peng}, 
title={Performance and Power Analysis of ATI GPU: A Statistical Approach}, 
booktitle={Proc. of the IEEE international conference on Networking, architecture, and storage}, 
year={2011}, 
pages={149 -158}, 
}
@misc{BLOB,
author = {NVIDIA},
title = {{Linux~X64~Display Driver}},
howpublished = {\url{http://www.nvidia.com/object/linux-display-amd64-295.59-driver.html}},
year = {2012}
}

@misc{CUDA40,
author = {NVIDIA},
title = {{CUDA 4.2}},
howpublished = {\url{http://developer.nvidia.com/cuda/cuda-downloads}},
year = {2012}
}

@misc{envytools,
author = {M. Koscielnicki},
title = {{envytools}},
howpublished = {\url{git://0x04.net/envytools.git}},
year = {2012}
}


